% Encoding: UTF-8

@article{lopez-vazquez-2019,
  author    = {López-Vázquez, G. and Ornelas-Rodríguez, Manuel and Espinal, Anna and Soria-Alcaraz, Jorge A. and Rojas-Domínguez, Alfonso and Puga, Héctor and Carpio, Martín and Rostro-Gonzalez, Horacio},
  journal   = {Computational Intelligence and Neuroscience},
  month     = {3},
  pages     = {1--13},
  publisher = {Hindawi Publishing Corporation},
  title     = {{Evolutionary Spiking Neural Networks for Solving Supervised Classification Problems}},
  volume    = {2019},
  year      = {2019},
  doi       = {10.1155/2019/4182639},
  url       = {https://doi.org/10.1155/2019/4182639}
}

@article{garro-2015,
  author    = {Garro, Beatriz A. and Vázquez, Roberto A.},
  journal   = {Computational Intelligence and Neuroscience},
  month     = {1},
  pages     = {1--20},
  publisher = {Hindawi Publishing Corporation},
  title     = {{Designing Artificial Neural Networks Using Particle Swarm Optimization Algorithms}},
  volume    = {2015},
  year      = {2015},
  doi       = {10.1155/2015/369298},
  url       = {https://doi.org/10.1155/2015/369298}
}

@book{Alba-Cisneros2020,
  author    = {Alba-Cisneros, O. and Espinal, Andrés and López-Vázquez, G. and Sotelo-Figueroa, Marco Aurelio and Purata-Sifuentes, Omar-Jair and Calzada-Ledesma, Valentin and Vázquez, R. A. and Rostro-Gonzalez, Horacio},
  booktitle = {Studies in computational intelligence},
  month     = {1},
  pages     = {431--443},
  publisher = {Springer Nature},
  title     = {{Direct and Indirect Evolutionary Designs of Artificial Neural Networks}},
  year      = {2020},
  doi       = {10.1007/978-3-030-35445-931},
  url       = {https://doi.org/10.1007/978-3-030-35445-9_31}
}

@article{bento-2022,
  author = {Bento, Carolina},
  month  = {1},
  title  = {{Multilayer Perceptron Explained with a Real-Life Example and Python Code: Sentiment Analysis}},
  year   = {2022},
  url    = {https://towardsdatascience.com/multilayer-perceptron-explained-with-a-real-life-example-and-python-code-sentiment-analysis-cb408ee93141}
}

@book{zhou-2019,
  author    = {Zhou, Zhi-Hua and Yu, Yang and Qian, Chao},
  month     = {6},
  publisher = {Springer},
  title     = {{Evolutionary Learning: Advances in Theories and Algorithms}},
  year      = {2019}
}

@book{du-2016,
  author    = {Du, Ke-Lin and Swamy, M. N. S.},
  month     = {8},
  publisher = {Birkhäuser},
  title     = {{Search and Optimization by Metaheuristics}},
  year      = {2016}
}

@misc{misc_iris_53,
  author       = {Fisher,R. A.},
  title        = {{Iris}},
  year         = {1988},
  howpublished = {UCI Machine Learning Repository},
  note         = {{DOI}: https://doi.org/10.24432/C56C76}
}

@misc{misc_wine_109,
  author       = {Aeberhard,Stefan and Forina,M.},
  title        = {{Wine}},
  year         = {1991},
  howpublished = {UCI Machine Learning Repository},
  note         = {{DOI}: https://doi.org/10.24432/C5PC7J}
}